@misc{nobelprizechemistry2016,
title = {Nobel Prize Chemistry},
year = {2016},
url = {https://www.nobelprize.org/prizes/chemistry/2016/summary}}

@misc{hulis,
author = {Y. Carissan and D. Hagebaum-Reignier and N. Goudard S. Humbel}, 
title = {HuLiS Code: Lewis embedded in Hückel Theory},
url = {http://www.hulis.free.fr}}

@article{Carissan2008,
author = {Yannick Carissan and Denis Hagebaum-Reignier and Nicolas Goudard and Stéphane Humbel},
title = {H\"uckel-Lewis Projection Method: A "Weights Watcher" for Mesomeric Structures},
journal = {The Journal of Physical Chemistry A},
volume = {112},
number = {50},
pages = {13256-13262},
year = {2008},
doi = {10.1021/jp803813e},
note ={PMID: 19053557}}

@article{Feringa2012,
author	= {B. L. Feringa and W. R. Browne},
title	= {Molecular switches},
journal = {Angew. Chem. Int. Ed.},
volume = {51},
year = {2012},
pages = {2281–2281}}


@article{Koumura1999,
Author = {Koumura, Nagatoshi and Zijlstra, Robert W. J. and van Delden, Richard A. and Harada, Nobuyuki and Feringa, Ben L.},
Doi = {10.1038/43646},
Isbn = {1476-4687},
Journal = {Nature},
Number = {6749},
Pages = {152--155},
Title = {Light-driven monodirectional molecular rotor},
Ty = {JOUR},
Url = {https://doi.org/10.1038/43646},
Volume = {401},
Year = {1999}}


@article{VanLeeuwen2017,
author = {van Leeuwen, Thomas and Pol, Jasper and Roke, Diederik and Wezenberg, Sander J. and Feringa, Ben L.},
title = {Visible-Light Excitation of a Molecular Motor with an Extended Aromatic Core},
journal = {Organic Letters},
volume = {19},
number = {6},
pages = {1402-1405},
year = {2017},
doi = {10.1021/acs.orglett.7b00317}}


@article{Minkin2009,
author = {Minkin, V. I.},
year = {2009},
title = {Glossary of terms used in theoretical organic chemistry.},
journal = {Pure and Applied Chemistry.},
volume = {71},
number = {10}, 
pages = {1919-1981},      
doi = {doi:10.1351/pac199971101919}}

@book{Atkins2010,
author = {Peter Atkins and Julio De Paula},
title = {Physical Chemistry},
publisher = {Oxford University Press},
year = {2010},
edition = {9}}

@article{Huckel1931,
author = {E. H\"uckel}
journal = {Z. Phys.},
year = {1931},
volume = {70},
pages = {204}}

@article{Huckel1931_2,
author = {E. H\"uckel},
journal = {Z. Phys.},
year = {1931},
volume = {72},
pages = {310}}

@article{Huckel1932,
author = {E. H\"uckel},
journal = {Z. Phys.},
year = {1932},
volume = {76},
pages = {628}}

@article{Huckel1933,
author = {E. H\"uckel},
journal = {Z. Phys.},
year = {1933},
volume = {83},
pages = {632}}

