@misc{nobelprizechemistry2016,
title = {Nobel Prize Chemistry},
year = {2016},
url = {https://www.nobelprize.org/prizes/chemistry/2016/summary}}

@misc{hulis,
author = {Carissan, Y.; Hagebaum-Reignier, D.; Goudard, N.; Humbel S.}, 
title = {HuLiS Code: Lewis embedded in Hückel Theory},
url = {http://www.hulis.free.fr}}

@article{Carissan2008,
author = {Carissan, Yannick and Hagebaum-Reignier, Denis and Goudard, Nicolas and Humbel, StÃ©phane},
title = {HÃŒckel-Lewis Projection Method: A âWeights Watcherâ for Mesomeric Structures},
journal = {The Journal of Physical Chemistry A},
volume = {112},
number = {50},
pages = {13256-13262},
year = {2008},
doi = {10.1021/jp803813e},
note ={PMID: 19053557}}

@article{Feringa2012,
author	= {B. L. Feringa and W. R. Browne},
title	= {Molecular switches},
journal = {Angew. Chem. Int. Ed.}n
volume = {51},
yea r= {2012},
pages = {2281–2281}}


@article{Koumura1999,
Author = {Koumura, Nagatoshi and Zijlstra, Robert W. J. and van Delden, Richard A. and Harada, Nobuyuki and Feringa, Ben L.},
Doi = {10.1038/43646},
Isbn = {1476-4687},
Journal = {Nature},
Number = {6749},
Pages = {152--155},
Title = {Light-driven monodirectional molecular rotor},
Ty = {JOUR},
Url = {https://doi.org/10.1038/43646},
Volume = {401},
Year = {1999}}


@article{VanLeeuwen2017,
author = {van Leeuwen, Thomas and Pol, Jasper and Roke, Diederik and Wezenberg, Sander J. and Feringa, Ben L.},
title = {Visible-Light Excitation of a Molecular Motor with an Extended Aromatic Core},
journal = {Organic Letters},
volume = {19},
number = {6},
pages = {1402-1405},
year = {2017},
doi = {10.1021/acs.orglett.7b00317}}


